4042 5859
677 735 830 786 rumaren
855 736 979 785 sercou
1004 736 1135 784 concavi
1160 737 1319 786 sennaser.
1515 722 1580 789 313

760 1005 1012 1087 PRlNClPlA
1042 1006 1247 1090 OMNlUM

645 1245 738 1312 QUAE
770 1245 986 1303 i'lDENTUlt
1018 1246 1099 1303 uuit
1129 1245 1362 1304 SPECULUM.

516 1498 646 1580 Speculi
670 1499 862 1581 superlicies
887 1501 998 1583 polita,
1032 1518 1181 1566 concava
1215 1501 1396 1565 secundum
1431 1500 1588 1565 determi-

427 1608 541 1674 nat'aru
558 1612 799 1675 concavitatem
821 1610 979 1690 portionis
997 1608 1128 1673 debitae
1144 1610 1316 1690 sphaerae,
1332 1624 1408 1672 nam
1424 1613 1587 1689 quantum

428 1719 517 1784 cadit
541 1735 561 1780 a
584 1718 693 1783 debita
719 1718 927 1800 proportione
951 1722 1079 1782 mnium
1104 1718 1214 1781 minus
1248 1720 1470 1797 repraesentat
1506 1731 1590 1795 quas

428 1823 517 1888 dicta
538 1828 637 1898 sunt;
662 1823 723 1888 troc
745 1829 889 1907 apparet
917 1840 974 1904 per
1000 1825 1283 1905 comparationem
1318 1823 1588 1904 apparentiarnm

431 1937 619 1997 nostrorum
642 1932 858 2014 speculorum
882 1938 914 1996 et
938 1932 1086 2001 illorum.
1118 1949 1202 2013 quae
1225 1933 1267 1997 ab
1290 1931 1419 1995 artilice
1445 1932 1590 2012 quodum

432 2041 521 2106 lacta
544 2042 678 2107 luerunt
697 2044 767 2107 sine
791 2058 956 2107 mensura.

523 2150 587 2214 lies
604 2148 745 2231 objecta,
767 2166 853 2231 quae
876 2150 999 2214 dicitur
1023 2151 1123 2214 etium
1150 2167 1226 2213 vera
1251 2148 1368 2224 torma,
1382 2154 1415 2212 et
1432 2165 1483 2212 res
1504 2148 1591 2220 visa3

432 2257 551 2323 harum
575 2265 718 2338 quatuor
740 2266 817 2322 sunt
840 2259 987 2339 species:
1012 2259 1089 2332 Sot;
1114 2259 1279 2323 luminosa
1305 2275 1444 2338 corpora
1469 2258 1587 2321 cande·

434 2366 541 2431 iarum
553 2367 810 2450 autnujmmodi
824 2367 906 2441 alia3
924 2374 1094 2448 prospecta
1107 2368 1311 2440 illuminata3
1327 2374 1360 2429 et
1375 2383 1593 2448 quaecunque

434 2475 519 2538 aliae
542 2493 593 2540 res
618 2475 775 2541 visibiles.

524 2585 627 2648 Linea
639 2585 837 2649 incidentiae
855 2602 952 2647 verae
969 2585 1108 2658 iormae;
1128 2587 1208 2648 isaeo
1224 2591 1273 2647 est
1293 2585 1379 2647 linea
1391 2601 1476 2664 quae
1492 2582 1594 2645 deleri

436 2691 614 2756 simulacra
639 2710 750 2756 rerum
775 2693 815 2754 ad
841 2693 971 2773 Speculi
996 2692 1215 2774 superficient.

529 2800 629 2863 Linea
653 2802 898 2882 contingentiae
920 2800 1020 2872 dicta,
1044 2801 1199 2866 omnibus
1222 2801 1352 2881 punctis
1383 2799 1512 2880 Speculi
1536 2816 1595 2880 ap·

440 2907 619 2989 plicahilis:
644 2927 758 2974 verum
784 2910 865 2974 haec
896 2910 982 2973 linea
1017 2911 1204 2990 applicatur
1231 2909 1358 2973 ultimis
1383 2908 1513 2988 punctis
1537 2924 1595 2971 su·

439 3017 595 3098 perliciei,
612 3020 691 3100 quia
714 3035 755 3082 en
779 3019 836 3082 tali
861 3019 927 3082 situ
952 3018 989 3080 iit
1014 3017 1130 3082 ultima
1155 3018 1357 3100 apparentia.

528 3127 763 3194 Semicirculus
797 3128 954 3209 gradibus
990 3127 1166 3188 distinctus
1202 3143 1260 3206 pro
1295 3140 1452 3187 mensura
1488 3138 1596 3202 angu-

440 3237 562 3300 lorum.

528 3344 650 3425 Anguli
685 3343 726 3407 ad
761 3342 822 3407 lias
855 3360 970 3406 omnes
1003 3342 1212 3422 apparentiae
1247 3340 1420 3420 requisiti,
1454 3346 1488 3402 et
1521 3347 1598 3404 sunt

442 3452 587 3516 maxime
609 3451 811 3522 necessarii,
833 3451 912 3530 quia
934 3467 977 3512 ex
1000 3448 1067 3514 illis
1092 3446 1232 3529 pendent
1254 3448 1367 3511 omnia
1390 3464 1475 3527 quae
1497 3431 1598 3528 appass

441 3567 536 3625 rent:
557 3561 678 3626 horum
701 3558 826 3640 species
849 3565 927 3623 sunt
949 3558 1047 3630 duae,
1075 3573 1217 3638 namque
1244 3556 1302 3621 alii
1336 3562 1413 3620 sunt
1452 3555 1600 3620 inciden-

444 3671 520 3744 tiae,
553 3668 611 3732 alii
647 3667 857 3742 reflexionis,
883 3667 940 3747 qui
959 3682 1087 3744 semper
1110 3672 1189 3730 sunt
1211 3665 1366 3746 aequales
1399 3671 1432 3726 et
1466 3681 1600 3746 permo-

443 3778 581 3848 tabiles,
615 3777 662 3840 ita
699 3782 734 3839 ut
767 3793 809 3840 ex
836 3775 959 3856 angulo
997 3774 1196 3839 incidentiae
1216 3775 1316 3855 possit
1351 3773 1422 3838 lieri
1458 3774 1600 3856 angulus

444 3887 654 3963 reflexionis,
675 3894 708 3949 et
731 3904 749 3949 e
771 3902 941 3949 converso.
965 3885 1022 3949 isti
1046 3885 1160 3968 anguli
1196 3892 1255 3949 aut
1282 3884 1494 3948 continentur
1516 3900 1535 3945 n
1560 3883 1602 3945 li-

444 4016 505 4061 nea
529 3996 727 4061 incidentiae
749 4001 782 4057 et
804 3995 1061 4077 contingentiae,
1083 4000 1217 4058 etsunt
1246 3993 1360 4076 anguli
1392 3990 1602 4063 incidentiae,

446 4105 497 4169 vel
527 4122 547 4170 a
581 4105 669 4168 linea
699 4103 887 4168 reflexionis
909 4109 942 4167 et
965 4102 1230 4183 contingentiae,
1254 4109 1287 4163 et
1310 4108 1388 4165 sunt
1411 4099 1526 4182 anguli
1549 4115 1602 4161 re·

447 4214 608 4279 tlexiouis.

535 4323 626 4389 Situs
650 4340 748 4388 verae
771 4323 896 4387 lormae
920 4330 1070 4405 respectu
1091 4321 1221 4403 speculi
1239 4321 1389 4385 variatus
1404 4319 1487 4382 alios
1504 4324 1603 4398 atque

446 4431 529 4495 alios
552 4431 691 4515 angulos
714 4431 915 4498 incidentiae
938 4430 1104 4506 lacit,e1
1130 4449 1198 4512 quo
1231 4431 1380 4511 sequitur
1417 4434 1454 4490 ut
1488 4425 1602 4507 anguli

448 4537 635 4603 rcuexionis
656 4541 839 4605 varientur.

537 4646 639 4714 Linea
661 4668 746 4732 quae
771 4651 888 4715 transit
912 4667 967 4730 per
989 4655 1161 4725 centrum,
1176 4650 1265 4713 dictu
1286 4648 1436 4712 cathetus
1456 4644 1605 4709 incideu·

451 4759 527 4833 tiae,
550 4774 634 4838 quae
657 4761 859 4840 imaginatur
882 4758 1014 4823 extendi
1040 4759 1126 4822 ultra
1150 4757 1337 4838 Speculum,
1372 4763 1405 4818 et
1438 4772 1481 4816 ex
1512 4771 1549 4815 ea
1573 4759 1606 4815 et

571 4863 697 4919 Gaurano
716 4863 843 4919 linisset.
865 4895 896 4905 -
916 4864 946 4917 t.
972 4863 1049 4918 xlv.
1453 4863 1487 4913 lo
