4042 5859
702 727 856 775 rannerus
879 726 1005 774 sancum
1030 726 1163 774 concnrr
1186 727 1344 775 sennaser,
1537 713 1603 780 315

444 846 540 910 lionis
560 864 675 911 omnes
689 848 775 911 radii
793 851 835 912 ab
855 866 921 913 uno
938 855 1060 929 puncto
1077 856 1234 915 exeuntes
1256 852 1418 916 accedunt
1431 852 1472 915 ad
1486 857 1599 934 aequi·

442 956 638 1021 distantiam
660 956 793 1038 qnando
814 957 1010 1039 elongamur
1045 975 1065 1022 a
1098 975 1237 1040 corpore
1270 958 1445 1023 luminoso.
1474 960 1600 1025 Occur-

443 1069 520 1129 runt
542 1065 655 1146 itaque
676 1065 857 1129 secundum
881 1066 1173 1146 aequidistantiam
1197 1070 1236 1129 ut
1259 1064 1345 1129 linea
1365 1074 1598 1146 repraesentat.

531 1173 632 1236 Lunna
654 1172 693 1236 B.
715 1207 759 1220 -
783 1172 870 1237 llaec
895 1173 983 1236 linea
1007 1173 1105 1237 habet
1129 1172 1293 1254 duplicem
1317 1177 1596 1256 comparationem

440 1282 483 1346 ad
506 1280 699 1362 Speculum:
725 1279 772 1346 l.⁰
795 1282 928 1363 quidem
947 1288 982 1346 ut
1002 1281 1089 1345 linea
1105 1283 1316 1358 incidentiae,
1335 1290 1368 1346 et
1388 1290 1466 1348 tunc
1487 1286 1597 1368 imago

440 1390 540 1472 liujus
563 1389 762 1456 incidentiae
783 1398 920 1474 apparet
941 1397 1037 1455 extra
1065 1391 1241 1473 Speculum
1266 1392 1304 1456 in
1323 1410 1398 1465 aare
1421 1394 1505 1458 inter
1529 1414 1596 1458 rem

438 1501 603 1582 objectam
637 1509 670 1565 et
697 1501 897 1583 Speculum:
918 1499 967 1566 2⁰
989 1507 1204 1582 comparatur
1220 1508 1263 1567 ¹nt
1287 1500 1444 1576 reflexio,
1467 1505 1599 1584 qnando

440 1593 567 1673 scilieet
590 1608 697 1675 iorma
719 1609 847 1692 obieeta
865 1610 1006 1693 Speculo
1026 1616 1077 1674 eet
1100 1609 1134 1675 in
1160 1611 1258 1686 linea,
1279 1628 1365 1691 qnae
1387 1611 1467 1676 lruic
1486 1631 1596 1677 unsre·

437 1719 598 1799 spondet,
619 1725 653 1784 et
676 1718 789 1783 inlati
812 1718 1061 1810 companctione
1085 1718 1263 1798 imaginem
1287 1718 1391 1782 defert
1415 1719 1502 1783 nltra
1526 1737 1594 1783 rem

437 1828 617 1909 objectam
636 1830 724 1909 quod
748 1834 837 1893 certe
858 1834 909 1891 est
930 1828 1022 1892 omni
1046 1826 1266 1891 admiratione
1288 1827 1426 1910 dignum
1452 1827 1514 1902 nis,
1537 1827 1593 1909 qui

436 1953 573 2001 cansam
597 1936 750 2001 nesciunt
774 1936 874 2017 nujus
897 1937 1118 2016 apparentiae.

527 2049 685 2118 Linum.
705 2082 750 2096 -
772 2050 862 2113 llaec
885 2049 987 2120 linea,
1012 2067 1090 2114 enm
1118 2051 1161 2114 sit
1184 2049 1464 2130 perpendicularis
1487 2049 1528 2112 ad
1554 2051 1594 2112 li·

436 2174 533 2221 neam
556 2157 801 2240 contingentiae
819 2157 962 2239 Specnli,
979 2157 1160 2222 reflectitur
1182 2159 1215 2222 in
1235 2177 1268 2222 se
1289 2157 1371 2239 ipsa,
1391 2159 1464 2222 ideo
1483 2160 1593 2240 imago

437 2270 574 2347 apparet
596 2267 630 2329 in
655 2266 730 2330 loco
751 2267 811 2340 seir

523 2373 623 2437 Lrnnn
640 2374 680 2438 ll.
694 2408 737 2420 -
757 2375 845 2439 Haeo
864 2374 950 2437 linea
967 2381 1193 2456 repraesentat
1204 2375 1385 2457 imaginem
1406 2375 1489 2438 inter
1510 2376 1589 2455 Spe·

433 2481 546 2545 culum
570 2488 602 2544 el
626 2499 694 2546 rem
712 2481 889 2563 objectam,
908 2489 940 2544 et
957 2488 1062 2563 potest
1081 2484 1181 2545 etiarn
1198 2499 1268 2545 csse
1282 2481 1369 2545 linea
1389 2483 1589 2546 incidentiae

435 2609 531 2656 verae
555 2592 693 2664 iormae;
715 2596 792 2655 tnnc
817 2595 927 2654 autem
952 2591 1063 2672 imago
1086 2591 1181 2654 debet
1197 2607 1355 2672 apparere
1372 2590 1459 2653 ultra
1476 2609 1589 2654 veram

433 2701 585 2764 formam.
868 2704 875 2716 '

521 2811 621 2873 Lissa
645 2811 683 2873 E.
706 2842 751 2856 -
775 2811 862 2874 llaec
887 2810 972 2872 linea
996 2810 1094 2874 habet
1127 2810 1211 2873 duas
1245 2811 1509 2890 comparationes
1546 2808 1588 2872 ad

432 2921 540 2998 ipsum
565 2918 763 2999 Speculum:
790 2921 831 2983 1.·
856 2924 904 2981 est
929 2923 964 2981 ut
987 2918 1030 2980 sit
1054 2917 1138 2980 lineo
1175 2916 1380 2982 refractionis
1417 2917 1586 2981 radiorum

430 3026 537 3099 Solis,
570 3031 602 3088 et
638 3031 715 3089 tunc
746 3029 939 3090 comburet:
974 3026 1019 3088 2·
1048 3033 1098 3089 est
1127 3031 1162 3089 ut
1190 3027 1232 3090 sit
1265 3027 1369 3109 prima
1406 3025 1585 3090 incidentia

419 3134 598 3210 candelae,
621 3143 653 3198 et
678 3140 754 3198 tunc
778 3152 838 3198 sua
864 3136 949 3199 linea
973 3134 1094 3199 retlera
1122 3154 1279 3218 apparere
1307 3136 1386 3199 lacit
1408 3136 1588 3218 imaginem

431 3243 565 3306 luminis
587 3242 744 3306 candelae
767 3243 799 3305 in
823 3242 998 3324 superlicie
1021 3243 1176 3325 Specoli,
1210 3250 1243 3307 et
1278 3250 1384 3323 potest
1406 3242 1586 3306 calefacere

430 3370 485 3433 per
519 3359 679 3416 remotam
714 3354 928 3428 distantiam,
950 3361 983 3416 et
1010 3353 1200 3415 illuminare
1223 3350 1356 3432 quidem
1391 3351 1586 3425 clarissime,

429 3462 475 3524 ita
499 3469 535 3525 ut
557 3466 658 3526 noctu
681 3462 835 3544 legantur
859 3463 984 3525 literae.
1600 3444 1602 3447 ⁵

519 3573 616 3635 Lunna
641 3573 676 3646 F,
699 3573 762 3634 sine
786 3572 870 3633 tinec
889 3580 1080 3651 punctorum
1103 3589 1124 3635 u
1143 3569 1395 3652 perpendiculari
1419 3586 1517 3650 usqne
1545 3570 1586 3632 ud

427 3687 571 3742 centrum
583 3678 767 3762 Specnti.-
779 3682 813 3745 ln
827 3681 888 3744 hac
902 3681 989 3744 linea
1002 3698 1172 3762 nunqnam
1186 3686 1291 3761 potest
1303 3695 1461 3760 apparere
1473 3677 1586 3758 aliqua

428 3791 540 3872 imago
563 3808 659 3853 verae
683 3791 818 3866 termae,
842 3791 919 3871 quia
946 3791 1109 3872 imagines
1132 3807 1246 3854 earnm
1271 3806 1399 3870 semper
1423 3793 1584 3869 apparent

428 3899 517 3962 ultra
541 3899 728 3981 Speculum.
751 3902 924 3964 Praeterea
946 3901 1059 3964 omnia
1083 3899 1241 3965 videntur
1262 3905 1388 3973 erecta,
1411 3903 1443 3960 et
1467 3897 1583 3960 dextra

427 4015 584 4089 apparent
618 4009 756 4077 dextra.
792 4016 824 4072 et
858 4008 990 4089 qnando
1014 4026 1111 4072 verae
1136 4007 1260 4073 lorrnae
1293 4014 1477 4073 occurrunt
1504 4007 1583 4088 spe-

424 4119 501 4183 culo
534 4121 694 4202 imagines
722 4119 884 4184 accedunt
907 4119 949 4182 ad
974 4117 1173 4199 Speculum,
1208 4124 1240 4180 et
1276 4117 1434 4182 recedunt
1469 4116 1583 4180 formis

426 4230 514 4292 veris
539 4229 766 4294 recedentibus
789 4247 809 4292 a
832 4228 982 4310 Speculo.

514 4446 614 4511 Locus
640 4449 668 4508 l,
693 4480 736 4493 -
759 4443 816 4510 Est
835 4447 927 4510 loeus
938 4463 1121 4511 concursus
1139 4447 1288 4509 omnium
1303 4444 1470 4508 radiorum
1485 4442 1582 4516 Solis,

425 4554 479 4616 nbi
515 4552 686 4633 plnrnbnm
723 4555 923 4636 colliqnatnr
946 4562 977 4617 et
1001 4555 1126 4636 lapides
1156 4556 1415 4625 comburentur,
1450 4555 1582 4632 qnando

424 4662 479 4727 Sol
514 4667 563 4725 est
597 4664 812 4728 clarissimus.
836 4664 871 4728 ln
897 4665 957 4727 troo
984 4664 1054 4727 loco
1077 4664 1188 4728 omnia
1212 4661 1472 4735 contunduntur,
1503 4664 1582 4743 qnia

424 4775 655 4851 permutantur
678 4788 808 4836 sursum
833 4772 995 4837 deorsum.
