4042 5859
794 726 1029 790 onne'nnteono
1052 747 1071 790 n
1097 744 1246 791 enmono.
1536 730 1602 796 :tto

439 880 496 942 pra
519 864 526 923 i
552 863 639 926 denti
665 863 695 926 d’
710 882 775 928 nna
800 873 896 930 ruotn
919 868 1144 950 leggerissima
1170 875 1295 951 quanto
1330 886 1395 935 une
1430 880 1545 948 carin,
1569 877 1600 938 tn

436 973 535 1051 quate
558 974 607 1036 sin
632 980 723 1054 posin
749 976 781 1037 in
806 976 903 1056 piano
924 977 1125 1041 orizzontaie
1151 979 1260 1042 vicina
1296 980 1326 1043 ni
1364 981 1527 1061 nonduin,
1561 985 1601 1047 ed

437 1085 566 1147 orendo
590 1084 720 1146 intorno
745 1085 875 1148 intorno
898 1087 987 1149 denti
1012 1102 1031 1149 a
1057 1087 1151 1169 guise
1175 1087 1208 1151 di
1232 1087 1331 1168 quelii
1366 1089 1476 1153 d'nne
1504 1107 1597 1173 segem

441 1191 513 1256 niod
547 1211 609 1256 ron
645 1210 711 1256 uno
736 1195 786 1258 dei
812 1196 869 1258 inti
895 1203 1029 1277 postne
1054 1197 1199 1277 sqnedra
1222 1214 1318 1277 sopra
1344 1198 1366 1259 ii
1391 1198 1489 1279 pinno
1511 1198 1597 1263 deiin

439 1310 547 1375 ronta,
570 1320 588 1363 e
612 1303 632 1364 t·
645 1303 729 1365 nitro
752 1304 912 1367 inciinetn
934 1304 1191 1384 obliquemente,
1216 1305 1312 1384 presti
1336 1312 1453 1385 questo
1479 1304 1599 1379 omnin,

438 1410 499 1473 che
522 1409 721 1474 neti'urtare
744 1410 774 1472 in
798 1410 950 1474 setoiettn
973 1410 1025 1473 nei
1050 1411 1117 1473 into
1141 1410 1407 1490 perpendieoiare
1422 1412 1473 1475 dei
1492 1412 1600 1483 dente,

440 1520 472 1582 ¹0
506 1536 649 1588 mnovn,
679 1537 731 1580 mn
761 1520 811 1581 nei
842 1519 969 1582 ritorno
994 1521 1045 1601 poi
1072 1520 1101 1582 in
1126 1519 1305 1583 medesimn
1329 1521 1431 1583 setoin
1457 1521 1507 1584 nei
1533 1521 1600 1584 into

438 1628 573 1709 obtiqno
596 1627 647 1691 dei
671 1627 768 1690 dente
792 1645 856 1691 non
881 1629 913 1692 to
933 1646 1055 1691 muovn
1074 1628 1266 1700 nitrimenti‚
1290 1646 1343 1691 mn
1365 1629 1396 1692 to
1421 1628 1506 1692 reda
1522 1630 1600 1692 etri·

441 1735 578 1798 sciendo
600 1752 619 1797 e
642 1736 726 1798 vnde
750 1736 928 1799 riendendo
961 1736 993 1798 nt
1029 1733 1080 1817 nie
1114 1735 1164 1799 dei
1200 1735 1298 1798 dente
1324 1737 1600 1819 sussegnente.E

441 1844 508 1910 cosi
535 1847 584 1909 nei
610 1849 784 1930 passaggio
806 1849 857 1912 det
888 1849 1030 1930 pendnin
1053 1850 1079 1910 si
1105 1842 1265 1912 mnoverd
1289 1850 1318 1913 in
1349 1856 1444 1913 rnntn
1479 1864 1536 1930 ner
1570 1848 1601 1910 to

438 1955 549 2035 spnzio
571 1951 680 2017 d'nno
703 1953 834 2019 de'nnoi
859 1956 959 2027 denti.
983 1974 1037 2019 mn
1062 1959 1113 2020 nei
1139 1959 1264 2021 ritnrnn
1287 1958 1337 2021 det
1363 1959 1504 2039 pendulo
1526 1975 1598 2022 enen

439 2068 534 2126 ruotn
559 2080 623 2127 non
649 2066 675 2127 si
701 2061 860 2129 mnoverd
884 2071 1006 2146 pnnt03
1030 2067 1115 2129 nnde
1139 2065 1160 2128 ii
1185 2083 1245 2130 nuo
1277 2072 1366 2130 moto
1391 2082 1430 2127 ne
1458 2061 1598 2129 rioscird

438 2173 596 2237 cirnoinre
626 2191 754 2256 sempre
781 2193 838 2256 per
861 2174 882 2237 Ι*
895 2176 1011 2239 istesso
1046 2164 1150 2239 verso.
1175 2176 1224 2240 Ed
1253 2175 1382 2241 avendo
1416 2180 1601 2238 contrasse·

438 2284 528 2364 gneti
551 2301 613 2347 eon
638 2284 765 2346 numeri
789 2285 800 2345 i
824 2283 966 2356 demisi
988 2278 1089 2347 vedrd
1113 2284 1154 2346 ad
1179 2284 1416 2348 nrbitrnmontn
1436 2282 1465 2344 ia
1488 2282 1599 2346 motti-

439 2388 552 2455 tndine
573 2392 627 2455 dei
653 2393 740 2455 denti
767 2393 910 2472 petenti,
933 2393 972 2454 ed
996 2393 1030 2454 in
1055 2408 1279 2474 conseguenza
1306 2392 1327 2454 it
1353 2408 1490 2456 numero
1512 2392 1597 2455 detie

437 2501 618 2565 vibrezioni
642 2519 660 2563 e
683 2501 767 2565 dette
791 2501 959 2580 nertineiie
982 2500 1035 2563 dei
1059 2507 1169 2583 tempo
1201 2501 1343 2564 decerne.
1377 2500 1410 2565 Si
1447 2498 1512 2581 pud
1538 2517 1599 2562 nn·

438 2627 515 2671 corn
540 2611 673 2672 intorno
694 2608 725 2670 nt
749 2611 863 2670 centro
877 2607 909 2669 di
926 2613 1042 2688 queste
1059 2607 1164 2688 prime
1180 2614 1276 2673 rnotn
1296 2606 1470 2671 ednttnme
1489 2607 1599 2670 un'ni·

440 2723 489 2777 tra
520 2717 554 2778 di
590 2716 717 2795 pinnotn
751 2731 890 2776 numero
922 2713 955 2776 di
990 2713 1094 2784 denti.
1128 2714 1158 2775 in
1192 2715 1291 2795 quate
1315 2713 1423 2778 tocchi
1447 2712 1596 2776 nn'nitrn

439 2825 589 2906 maggior
607 2829 702 2886 rnntn
718 2820 874 2895 dentete;
893 2822 946 2886 dei
962 2829 1050 2886 moto
1069 2819 1153 2885 delia
1173 2822 1271 2904 quote
1292 2829 1440 2903 potremo
1455 2836 1598 2903 appren-

425 2932 519 2995 ›dere
542 2933 565 2994 ii
589 2948 726 2995 numero
759 2930 833 2993 dett·
846 2932 950 2994 intere
984 2931 1186 2994 revoinzioni
1224 2930 1309 2994 detin
1347 2931 1452 3011 prime
1490 2936 1601 3004 rnotn,

443 3033 678 3119 compertendo
702 3039 731 3100 ie
756 3037 964 3101 mollitudine
988 3038 1039 3100 dei
1056 3037 1145 3100 denti
1163 3039 1197 3101 in
1216 3038 1314 3102 modo
1329 3039 1401 3111 cite.
1420 3056 1476 3119 per
1490 3055 1598 3102 esem·

441 3145 505 3225 pin,
528 3145 661 3226 qnando
684 3146 714 3209 ie
738 3145 879 3209 seconde
904 3152 1000 3209 rnote
1024 3141 1106 3209 nvrd
1129 3147 1207 3210 dato
1230 3163 1296 3210 une
1320 3149 1547 3218 conversione,
1568 3147 1597 3209 in

440 3254 544 3332 prime
569 3270 610 3316 ne
634 3253 729 3317 abbia
753 3254 828 3317 date
850 3252 904 3326 20,
928 3253 971 3319 3⁰
995 3272 1015 3316 n
1039 3255 1081 3317 40
1104 3272 1125 3316 o
1148 3259 1270 3333 quante
1295 3250 1349 3334 piri
1376 3271 1416 3316 ne
1439 3255 1598 3335 pinnense:

437 3376 490 3423 mn
514 3362 535 3423 ii
560 3358 731 3443 signidem
745 3369 862 3442 questo
884 3360 948 3423 niie
972 3360 1027 3425 SS.
1043 3361 1201 3433 LL.,ot1e
1217 3360 1328 3422 hanno
1343 3362 1470 3424 nomini
1486 3363 1599 3442 esqni·

438 3470 585 3533 sitissimi
601 3469 643 3533 ed
659 3468 925 3552 ingegnosiesimi
951 3468 983 3530 in
1008 3466 1191 3531 inbbrienre
1206 3467 1326 3530 orinoii
1345 3469 1384 3530 ed
1403 3469 1486 3530 ottre
1505 3462 1598 3532 mee·
1631 3524 1632 3528 ,

433 3579 530 3640 enine
553 3577 768 3652 ammirando,
786 3573 805 3638 d
820 3592 899 3639 nosn
922 3575 1099 3657 superflue,
1128 3571 1332 3657 peronensi
1357 3575 1527 3638 medenimi
1544 3593 1599 3639 eo·

441 3701 499 3764 orn
522 3691 638 3764 questo
661 3684 871 3748 fondamento
893 3703 1004 3749 nuovo
1027 3685 1059 3749 di
1079 3700 1193 3767 sapere
1211 3685 1273 3751 ohe
1290 3685 1313 3747 it
1330 3684 1479 3766 pendulo,
1501 3702 1596 3749 muo-

440 3793 509 3855 vasi
535 3809 592 3873 per
614 3793 729 3875 grandi
752 3810 773 3854 ο
796 3795 966 3874 perbrevi
991 3796 1093 3875 andei,
1123 3795 1154 3857 in
1188 3796 1217 3858 ie
1249 3813 1308 3860 sne
1342 3797 1595 3876 recipronnnioni

437 3903 658 3984 egentissimo.
683 3907 881 3965 treverenno
903 3913 1127 3985 conregnenee
1152 3897 1207 3983 pin
1231 3903 1332 3966 sottiti
1358 3902 1390 3964 di
1411 3903 1518 3984 quelle
1536 3903 1598 3968 otte

436 4012 469 4074 in
497 4027 591 4091 possa
626 4009 884 4091 immaginermi.
908 4009 935 4074 E
963 4010 1106 4074 eienome
1128 4009 1159 4072 ia
1189 4009 1319 4072 intincta
1354 4009 1441 4091 degit
1476 4009 1596 4073 orienti

438 4119 581 4182 consiste
605 4117 876 4199 prineipnimente
898 4118 951 4181 nei
976 4135 1040 4182 non
1065 4119 1091 4181 si
1113 4133 1221 4181 essere
1236 4118 1286 4180 sin
1304 4117 1360 4196 qni
1386 4121 1500 4198 pntnto
1524 4115 1596 4180 inb·

436 4227 565 4290 brienne
584 4225 694 4306 qneiin
715 4224 778 4289 nite
801 4227 854 4290 noi
878 4225 1081 4290 ehinminmn
1104 4226 1126 4287 ii
1148 4232 1256 4307 tempo
1272 4224 1489 4289 deit'oriuoio
1505 4231 1598 4288 tanto

438 4334 746 4415 egginetntemente‚
770 4333 832 4397 ohe
855 4335 960 4398 tannia
985 4335 1015 4398 te
1038 4351 1097 4398 sue
1121 4335 1304 4399 ribrnzioni
1320 4335 1453 4417 egnnii;
1476 4331 1543 4398 ensi
1560 4337 1593 4396 in

436 4447 552 4522 questo
575 4442 641 4505 mio
664 4441 806 4523 pendulo
828 4443 1091 4522 sempttotssimo
1113 4461 1132 4506 e
1156 4460 1220 4507 non
1245 4448 1397 4525 suggetto
1416 4443 1458 4506 ed
1475 4442 1597 4506 nitem-

437 4553 530 4614 zinne
552 4551 684 4623 niouna,
709 4553 736 4612 si
760 4552 911 4615 contiene
934 4552 956 4612 ii
976 4550 1074 4616 modo
1089 4551 1122 4614 di
1140 4557 1329 4614 mantenere
1345 4567 1473 4632 sempre
1491 4569 1595 4633 egne-

438 4663 561 4725 tissime
583 4660 613 4724 le
637 4661 759 4724 minure
782 4661 833 4724 det
858 4667 974 4740 tempo.
999 4659 1067 4726 Ora
1090 4661 1222 4725 intende
1239 4662 1277 4725 V.
1291 4661 1321 4724 S.
1335 4661 1376 4734 1.,
1391 4662 1528 4726 insieme
1544 4663 1595 4724 cot

438 4770 502 4849 Sig.
522 4761 696 4840 ortensio,
719 4770 816 4847 quate
839 4776 1004 4849 equanto
1028 4770 1076 4832 sie
1102 4771 1123 4833 ii
1148 4766 1308 4833 benedzio
1331 4769 1415 4832 nette
1441 4786 1594 4836 osserva·
