4042 5859
891 727 1032 774 acnsraru
1056 729 1140 773 vaus.
1532 713 1591 781 331

439 845 605 907 successio
627 850 660 907 et
680 847 827 920 tarditas,
848 865 913 927 qua
937 848 1080 928 dempta,
1096 848 1221 911 scilicet
1243 866 1297 928 per
1318 866 1461 912 vacuum
1490 851 1595 912 inter-

439 953 587 1024 vallum,
622 955 741 1017 mobile
776 957 981 1019 instantanea
1016 974 1173 1020 casurum
1198 956 1279 1019 toret
1304 957 1483 1029 celeritate,
1510 965 1596 1039 patet

440 1060 490 1122 vel
515 1063 661 1125 maxime
683 1080 724 1124 er
748 1063 907 1144 eoquod
931 1065 964 1126 in
990 1065 1152 1145 principio
1169 1066 1299 1129 lationis
1321 1066 1406 1128 lente
1433 1074 1595 1137 movetur,

438 1171 663 1251 impetumque
686 1189 725 1234 ac
749 1172 951 1236 celeritatem
976 1174 1119 1254 acquirit
1143 1177 1326 1248 succense,
1349 1175 1435 1255 quod
1461 1176 1596 1238 minimo

436 1281 650 1363 contingeret.
674 1281 700 1345 si
723 1299 743 1344 a
767 1283 930 1363 principio
948 1284 1128 1347 intrinseco
1152 1285 1271 1347 inesset
1296 1286 1343 1348 illi
1366 1287 1538 1367 propensio
1553 1284 1594 1346 ad

437 1393 679 1454 instantaneum
706 1397 843 1455 motum.
866 1391 950 1457 Cum
974 1393 1063 1455 enim
1085 1397 1151 1455 tam
1188 1393 1219 1456 in
1250 1393 1411 1474 principio
1433 1410 1533 1480 quam
1562 1395 1594 1455 in

437 1501 544 1563 medio
565 1501 698 1564 lationis
713 1500 828 1565 eadem
844 1518 972 1582 sempor
988 1502 1150 1566 habeatur
1169 1501 1268 1565 medii
1289 1502 1486 1572 resistentia,
1510 1501 1594 1562 aeris

438 1622 553 1685 nempe
577 1606 787 1685 quiescentis,
813 1615 922 1673 motus
948 1614 1033 1671 esset
1061 1607 1242 1687 aequabilis
1275 1625 1370 1671 orsus
1404 1609 1446 1670 ab
1479 1608 1592 1671 eodem

437 1713 609 1794 principio,
633 1715 740 1779 lactus
764 1716 796 1778 in
819 1716 933 1780 eodem
957 1717 1066 1779 medio
1085 1733 1277 1797 semperque
1293 1718 1405 1781 eudem
1425 1717 1521 1780 modu
1537 1717 1593 1778 di-

435 1824 567 1901 sposito.

523 1931 554 1995 9.
578 1931 795 1997 crediderunt
812 1933 1016 2014 peripatetici
1034 1950 1171 1998 causam
1187 1934 1433 1998 scintillationis
1450 1934 1591 1998 lixarum

434 2055 505 2112 esse
529 2041 766 2115 remotionem,
789 2042 831 2104 ob
855 2058 955 2122 quam
981 2042 1074 2104 visus
1097 2046 1208 2105 noster
1230 2041 1346 2105 debilis
1370 2047 1401 2103 et
1430 2042 1595 2121 trepidans

435 2150 474 2212 ad
498 2150 573 2214 illas
597 2152 760 2232 perventu
784 2152 841 2216 sed
866 2157 901 2215 ut
925 2153 1048 2214 rectius
1073 2150 1263 2231 loquantur.
1282 2151 1325 2214 ob
1341 2167 1440 2231 quam
1462 2149 1593 2214 illarum

435 2257 543 2339 fulgor
565 2258 681 2324 debilis
704 2278 742 2322 ac
768 2261 914 2323 titubans
938 2258 978 2321 ad
995 2259 1131 2322 oculum
1150 2258 1426 2339 pertingi13qnod
1446 2257 1485 2320 de
1506 2274 1596 2321 mure

433 2384 475 2428 ex
500 2367 660 2433 diametro
682 2368 801 2435 salsum
826 2370 899 2433 erit.
923 2368 1008 2432 Nam
1034 2367 1121 2431 lixae
1144 2368 1347 2442 scintillant,
1374 2367 1452 2448 quia
1480 2374 1595 2449 suapte

434 2480 551 2538 nutura
576 2476 706 2541 lucidae
728 2476 889 2559 lulgorem
914 2478 956 2540 ab
979 2476 1066 2540 intra
1090 2477 1256 2549 emittunt,
1274 2477 1447 2556 radiosque
1464 2476 1593 2560 fulgen-

434 2584 576 2649 tissimos
599 2587 741 2648 vibrant.
765 2584 920 2649 Planetae
945 2600 1025 2647 vero
1048 2588 1165 2663 suapte
1187 2588 1305 2645 natura
1329 2582 1460 2645 obscuri
1485 2583 1594 2646 alienu

409 2709 411 2714 ·
437 2700 565 2757 tantum
583 2694 708 2758 lnmine
723 2695 756 2756 in
773 2691 948 2774 superlicio
968 2692 1158 2774 pinguntur.
1179 2691 1328 2773 Languet
1347 2690 1465 2753 exinde
1480 2708 1593 2755 eornm

433 2801 491 2863 lux
516 2800 693 2877 adscitum,
716 2820 802 2882 quae
818 2802 944 2866 moveri
965 2801 1085 2864 desinit
1105 2802 1137 2864 in
1156 2802 1361 2883 planetarum
1377 2817 1515 2880 corpora
1531 2802 1594 2864 im·

434 2910 578 2990 pingens.

522 3018 574 3081 111.
598 3018 687 3082 Dicis
710 3019 880 3083 stellarum
905 3017 990 3082 intra
1018 3019 1149 3083 tertiam
1186 3018 1449 3100 magnitudinem
1485 3018 1594 3082 nullas

431 3145 502 3191 esse
524 3129 741 3209 operationes.
765 3129 870 3210 deque
892 3125 959 3192 illis
983 3128 1108 3191 nullam
1128 3129 1170 3193 ab
1185 3128 1385 3192 astronomis
1400 3144 1515 3190 curam
1533 3128 1592 3189 ba·

431 3238 509 3301 beri.
534 3239 657 3302 Verum
681 3246 773 3302 tuam
797 3238 965 3302 inscitiam
989 3237 1054 3301 uon
1078 3236 1252 3319 agnoscis?
1274 3234 1390 3298 Nonne
1418 3233 1593 3298 nebulosa·

431 3363 504 3410 rum
528 3363 644 3411 curam
669 3347 850 3410 maximam
876 3345 982 3428 geris?
1005 3348 1049 3407 nt
1071 3342 1249 3406 nebulosae
1272 3341 1351 3422 quid
1375 3342 1465 3405 aliud
1493 3347 1592 3415 sunt,

430 3469 529 3532 quam
553 3454 724 3518 stellarum
747 3453 835 3517 inira
860 3453 991 3514 tertiam
1016 3447 1278 3530 magnitudinem
1302 3448 1491 3528 congeries?
1588 3465 1590 3470 ⁴

521 3561 573 3623 11.
597 3561 708 3625 Motus
731 3561 884 3625 deorsum
910 3558 1068 3640 gravibus
1091 3555 1341 3628 minueretis,
1363 3561 1526 3635 quatenns
1552 3573 1591 3618 ea

432 3667 577 3728 restitnit
600 3666 633 3728 in
656 3668 776 3731 bonam
799 3665 1080 3741 constitutionem,
1103 3681 1187 3744 quae
1212 3664 1302 3745 prius
1324 3668 1418 3725 erant
1442 3662 1591 3734 lamala,

428 3782 461 3838 et
486 3774 534 3838 sic
558 3781 667 3839 mutus
689 3775 789 3838 etiam
814 3792 946 3840 sursum
969 3774 1086 3847 iisdem
1111 3775 1272 3868 naturalis
1295 3779 1359 3846 est,
1383 3778 1420 3836 ut
1442 3789 1519 3835 cum
1550 3772 1590 3836 li·
1623 3762 1634 3774 “

430 3903 532 3967 gnum
555 3903 597 3948 ex
621 3903 727 3966 aquae
751 3885 853 3949 tundo
876 3883 978 3949 fertur
1001 3884 1043 3948 ad
1065 3883 1285 3965 superficiem,
1309 3889 1346 3946 ut
1364 3884 1407 3946 ibi
1428 3881 1590 3944 naturali-

431 4001 479 4056 ter
502 3995 665 4075 quiescat,
690 3997 736 4057 ita
759 4010 889 4074 quoque
912 3993 1041 4056 arboris
1064 4008 1177 4055 ramus
1196 3990 1359 4054 attollitur
1377 4005 1508 4052 sursum
1530 4006 1587 4050 ua·

431 4100 592 4173 turalitcr,
615 4101 750 4181 quievi
773 4099 916 4164 inflexus
938 4098 1058 4163 luerat.
1465 4083 1468 4091 ¹

522 4209 573 4273 ta.
598 4194 625 4272 Ε
649 4209 733 4272 bella
757 4227 835 4274 cusa
857 4209 880 4272 11
900 4209 1021 4272 sentire
1037 4207 1148 4271 alcuni
1169 4205 1370 4288 peripatetici
1388 4204 1589 4287 ignorantis-

431 4317 505 4380 simi
530 4318 563 4382 di
589 4319 800 4382 matematica
823 4317 901 4383 tarsi
925 4319 1039 4381 avanti
1063 4334 1124 4382 con
1160 4316 1231 4379 dire
1264 4315 1325 4379 cbe
1356 4315 1523 4378 Aristotilc
1554 4315 1586 4376 lu

429 4421 497 4488 cosi
522 4427 603 4509 gran
627 4427 840 4490 matematico
862 4432 986 4507 quanto
1009 4425 1097 4497 altri,
1113 4425 1206 4505 quasi
1225 4422 1286 4487 che
1307 4430 1398 4486 tanto
1424 4423 1508 4484 busti
1528 4422 1589 4483 clm
1617 4406 1620 4415 ’

429 4537 599 4600 Aristotile
621 4555 662 4600 ne
684 4536 782 4600 abbia
805 4541 924 4615 saputo
947 4552 1003 4616 per
1025 4531 1061 4600 sd
1083 4552 1101 4596 e
1123 4550 1180 4616 per
1204 4532 1282 4596 loro.
1375 4573 1377 4577 -

522 4644 572 4710 13.
588 4646 656 4712 Che
673 4645 694 4708 il
712 4642 821 4709 lumar
837 4644 912 4707 dell'
923 4661 1028 4725 acque
1044 4644 1095 4707 dei
1114 4643 1203 4723 pezzi
1221 4643 1384 4705 l’inverno
1401 4658 1464 4703 non
1482 4657 1587 4721 vengu

428 4752 470 4817 da
496 4752 544 4819 lor
566 4755 676 4818 calore
698 4752 716 4818 1
741 4754 923 4828 manifesto,
939 4749 1058 4834 perche
1079 4755 1087 4817 i
1109 4754 1206 4834 panni
1228 4753 1332 4816 obesi
1354 4751 1534 4832 asciugano
1554 4749 1584 4822 al
